@book{box,
 author = {Box, George E. P. and Hunter, J. Stuart and Hunter, William G.},
 title = {Statistics for Experimenters: Design, Innovation, and Discovery},
 year = {2005},
 publisher = {Wiley-Interscience},
}

@book{strauss,
 author = {Strauss, A. and Corbin, J},
 title = {Basics of Qualitative Research : Techniques and
Procedures for Developing Grounded Theory},
 year = {1998},
 publisher = {Sage Publishing},
 pages = {101--121}
}

@inproceedings{hubbard2016,
 author = {Hubbard, Spencer and Walkingshaw, Eric},
 title = {Formula Choice Calculus},
 booktitle = {Proceedings of the 7th International Workshop on Feature-Oriented Software Development},
 series = {FOSD 2016},
 year = {2016},
 isbn = {978-1-4503-4647-4},
 pages = {49--57},
 numpages = {9},
}

@inproceedings{stanciulescu2016concepts,
  author = {Stanciulescu, Stefan and Berger, Thorsten and Walkingshaw, Eric and W\k{a}sowski, Andrzej},
  booktitle = {32nd IEEE International Conference on Software Maintenance and Evolution (ICSME)},
  title = {Concepts, Operations, and Feasibility of a Projection-Based Variation Control System},
  year = 2016
}

@inproceedings{schmorleiz2016similarity,
 author = {Schmorleiz, Thomas and L\"{a}mmel, Ralf},
 title = {Similarity Management of 'Cloned and Owned' Variants},
 booktitle = {Proceedings of the 31st Annual ACM Symposium on Applied Computing},
 series = {SAC '16},
 year = {2016},
 location = {Pisa, Italy},
 pages = {1466--1471},
 numpages = {6},
} 

@inproceedings{santos,
  author    = {Jadson Santos and
               Uir{\'{a}} Kulesza},
  title     = {Quantifying and Assessing the Merge of Cloned Web-Based System: An
               Exploratory Study},
  booktitle = {The 28th International Conference on Software Engineering and Knowledge
               Engineering, {SEKE} 2016},
  pages     = {583--588},
  year      = {2016},
}

@INPROCEEDINGS{stanciulescu2015,
author={Stanciulescu, Stefan and S. Schulze and A. W\k{a}sowski},
booktitle={2015 IEEE International Conference on Software Maintenance and Evolution (ICSME)},
title={Forked and integrated variants in an open-source firmware project},
year={2015},
pages={151-160},
month={Sept},}

@ARTICLE{mens2002,
author={T. Mens},
journal={IEEE Transactions on Software Engineering},
title={A state-of-the-art survey on software merging},
year={2002},
volume={28},
number={5},
pages={449-462},
month={May},}

@article {buckley2005,
author = {Buckley, Jim and Mens, Tom and Zenger, Matthias and Rashid, Awais and Kniesel, Günter},
title = {Towards a taxonomy of software change},
journal = {Journal of Software Maintenance and Evolution: Research and Practice},
volume = {17},
number = {5},
publisher = {John Wiley & Sons, Ltd.},
pages = {309--332},
year = {2005},
}

@inproceedings{gousios2015,
 author = {Gousios, Georgios and Zaidman, Andy and Storey, Margaret-Anne and van Deursen, Arie},
 title = {Work Practices and Challenges in Pull-based Development: The Integrator's Perspective},
 booktitle = {Proceedings of the 37th International Conference on Software Engineering - Volume 1},
 series = {ICSE '15},
 year = {2015},
 location = {Florence, Italy},
 pages = {358--368},
 numpages = {11},
} 

@inproceedings{apel2011,
 author = {Apel, Sven and Liebig, J\"{o}rg and Brandl, Benjamin and Lengauer, Christian and K\"{a}stner, Christian},
 title = {Semistructured Merge: Rethinking Merge in Revision Control Systems},
 booktitle = {Proceedings of the 19th ACM SIGSOFT Symposium and the 13th European Conference on Foundations of Software Engineering},
 series = {ESEC/FSE '11},
 year = {2011},
 pages = {190--200},
 numpages = {11},
} 

@article{silva2016refactor,
  author    = {Danilo Silva and
               Nikolaos Tsantalis and
               Marco Tulio Valente},
  title     = {Why We Refactor? Confessions of GitHub Contributors},
  journal   = {CoRR},
  year      = {2016},
}

@inproceedings{berger2016mps,
  author    = {Thorsten Berger and
               Markus V{\"{o}}lter and
               Hans Peter Jensen and
               Taweesap Dangprasert and
               Janet Siegmund},
  title     = {Efficiency of projectional editing: a controlled experiment},
  booktitle = {Proceedings of the 24th {ACM} {SIGSOFT} International Symposium on
               Foundations of Software Engineering, {FSE} 2016, Seattle, WA, USA,
               November 13-18, 2016},
  pages     = {763--774},
  year      = {2016},
}

@article{apel2009overview,
 author = {Apel, Sven and Kästner, Christian},
 title = {An Overview of Feature-Oriented Software Devlopment},
 journal = {Journal of Object Technology},
 volume = {8},
 number = {5},
 year = {2009},
 pages = {49--84}
}

@inproceedings{berger2015feature,
 author = {Berger, Thorsten and Lettner, Daniela and Rubin, Julia and Gr\"{u}nbacher, Paul and Silva, Adeline and Becker, Martin and Chechik, Marsha and Czarnecki, Krzysztof},
 title = {What is a Feature?: A Qualitative Study of Features in Industrial Software Product Lines},
 booktitle = {Proceedings of the 19th International Conference on Software Product Line},
 series = {SPLC '15},
 year = {2015},
 location = {Nashville, Tennessee},
 pages = {16--25},
 numpages = {10},
} 

@inproceedings{antkiewicz2014flexible,
 author = {Antkiewicz, Micha\l and Ji, Wenbin and Berger, Thorsten and Czarnecki, Krzysztof and Schmorleiz, Thomas and L\"{a}mmel, Ralf and St\u{a}nciulescu, Stefan and W\k{a}sowski, Andrzej and Schaefer, Ina},
 title = {Flexible Product Line Engineering with a Virtual Platform},
 booktitle = {Companion Proceedings of the 36th International Conference on Software Engineering},
 series = {ICSE Companion 2014},
 year = {2014},
 location = {Hyderabad, India},
 pages = {532--535},
 numpages = {4},
} 

@inproceedings{melo2016latin,
 author = {Melo, Jean and Brabrand, Claus and W\k{a}sowski, Andrzej},
 title = {How Does the Degree of Variability Affect Bug Finding?},
 booktitle = {Proceedings of the 38th International Conference on Software Engineering},
 series = {ICSE '16},
 year = {2016},
 isbn = {978-1-4503-3900-1},
 location = {Austin, Texas},
 pages = {679--690},
 numpages = {12},
} 

@inproceedings{schulze2013discipline,
 author = {Schulze, Sandro and Liebig, J\"{o}rg and Siegmund, Janet and Apel, Sven},
 title = {Does the Discipline of Preprocessor Annotations Matter?: A Controlled Experiment},
 booktitle = {Proceedings of the 12th International Conference on Generative Programming: Concepts \& Experiences},
 series = {GPCE '13},
 year = {2013},
 isbn = {978-1-4503-2373-4},
 location = {Indianapolis, Indiana, USA},
 pages = {65--74},
 numpages = {10},
}

@inproceedings{ribeiro2014emergent,
 author = {Ribeiro, M\'{a}rcio and Borba, Paulo and K\"{a}stner, Christian},
 title = {Feature Maintenance with Emergent Interfaces},
 booktitle = {Proceedings of the 36th International Conference on Software Engineering},
 series = {ICSE 2014},
 year = {2014},
 isbn = {978-1-4503-2756-5},
 location = {Hyderabad, India},
 pages = {989--1000},
 numpages = {12},
} 

@inproceedings{medeiros2013syntaxerrors,
 author = {Medeiros, Fl\'{a}vio and Ribeiro, M\'{a}rcio and Gheyi, Rohit},
 title = {Investigating Preprocessor-based Syntax Errors},
 booktitle = {Proceedings of the 12th International Conference on Generative Programming: Concepts \& Experiences},
 series = {GPCE '13},
 year = {2013},
 isbn = {978-1-4503-2373-4},
 location = {Indianapolis, Indiana, USA},
 pages = {75--84},
 numpages = {10},
} 

@article{erwig2011choice,
 author = {Erwig, Martin and Walkingshaw, Eric},
 title = {The Choice Calculus: A Representation for Software Variation},
 journal = {ACM Trans. Softw. Eng. Methodol.},
 issue_date = {December 2011},
 volume = {21},
 number = {1},
 month = dec,
 year = {2011},
 pages = {6:1--6:27},
 articleno = {6},
 numpages = {27},
} 

@article{walkingshaw2012choice,
 author = {Walkingshaw, Eric and Erwig, Martin},
 title = {A Calculus for Modeling and Implementing Variation},
 journal = {SIGPLAN Not.},
 issue_date = {March 2013},
 volume = {48},
 number = {3},
 month = sep,
 year = {2012},
 issn = {0362-1340},
 pages = {132--140},
 numpages = {9},
} 

@inproceedings{liebig2011discipline,
 author = {Liebig, J\"{o}rg and K\"{a}stner, Christian and Apel, Sven},
 title = {Analyzing the Discipline of Preprocessor Annotations in 30 Million Lines of C Code},
 booktitle = {Proceedings of the Tenth International Conference on Aspect-oriented Software Development},
 series = {AOSD '11},
 year = {2011},
 isbn = {978-1-4503-0605-8},
 location = {Porto de Galinhas, Brazil},
 pages = {191--202},
 numpages = {12},
} 

@techreport{kang1990feature,
  title={Feature-oriented domain analysis ({FODA}) feasibility study},
  author={Kang, Kyo C and Cohen, Sholom G and Hess, James A and Novak, William E and Peterson, A Spencer},
  year={1990},
  institution={Software Engineering Institute, Carnegie Mellon University}
}

@article{berger2013study,
  title={A study of variability models and languages in the systems software domain},
  author={Berger, Thorsten and She, Steven and Lotufo, Rafael and W\k{a}sowski, Andrzej and Czarnecki, Krzysztof},
  journal={IEEE Transactions on Software Engineering},
  volume={39},
  number={12},
  pages={1611--1640},
  year={2013},
  publisher={IEEE}
}

@Article{assuncao2017mapping,
author="Assun{\c{c}}{\~a}o, Wesley K. G.
and Lopez-Herrejon, Roberto E.
and Linsbauer, Lukas
and Vergilio, Silvia R.
and Egyed, Alexander",
title="Reengineering legacy applications into software product lines: a systematic mapping",
journal="Empirical Software Engineering",
year="2017",
pages="1--45",
}

@book{czarnecki2000generative,
 author = {Czarnecki, Krzysztof and Eisenecker, Ulrich W.},
 title = {Generative Programming: Methods, Tools, and Applications},
 year = {2000},
 isbn = {0-201-30977-7},
 publisher = {ACM Press/Addison-Wesley Publishing Co.},
 address = {New York, NY, USA},
} 

@inproceedings{voelter2014towards,
author="Voelter, Markus
and Siegmund, Janet
and Berger, Thorsten
and Kolb, Bernd",
title="Towards User-Friendly Projectional Editors",
booktitle="Software Language Engineering: 7th International Conference, SLE 2014, V{\"a}ster{\aa}s, Sweden, September 15-16, 2014. Proceedings",
year="2014",
pages="41--61",
}

@inproceedings{behringer2017peopl,
 author = {Behringer, Benjamin and Palz, Jochen and Berger, Thorsten},
 title = {{PEoPL}: Projectional Editing of Product Lines},
 booktitle = {Proceedings of the 39th International Conference on Software Engineering (ICSE)},
 note="To appear.",
 year={2017}
} 

@article{lillack2017intentions,
 author = {Lillack, Max and Stanciulescu, Stefan and Hedman, Wilhelm and Berger, Thorsten and W{\k{a}}sowski, Andrzej},
 title = {Intention-Based Integration of Variants},
 note="{Under} submission.",
 journal="",
 year="2017"
}

@inproceedings{apel2008algebra,
author="Apel, Sven
and Lengauer, Christian
and M{\"o}ller, Bernhard
and K{\"a}stner, Christian",
title="An Algebra for Features and Feature Composition",
booktitle="Algebraic Methodology and Software Technology: 12th International Conference, AMAST 2008 Urbana, IL, USA, July 28-31, 2008 Proceedings",
year="2008",
pages="36--50",
}

@INPROCEEDINGS{favre1997understanding,
author={J. M. Favre},
booktitle={Program Comprehension, 1997. IWPC '97. Proceedings., Fifth Iternational Workshop on},
title={Understanding-in-the-large},
year={1997},
pages={29--38},
month={Mar},
}

@ARTICLE{ernst2002preprocessor,
author={M. D. Ernst and G. J. Badros and D. Notkin},
journal={IEEE Transactions on Software Engineering},
title={An empirical analysis of c preprocessor use},
year={2002},
volume={28},
number={12},
pages={1146--1170},
month={Dec},}

@inproceedings{medeiros2015preprocessor,
  author    = {Fl{\'{a}}vio Medeiros and
               Christian K{\"{a}}stner and
               M{\'{a}}rcio Ribeiro and
               Sarah Nadi and
               Rohit Gheyi},
  title     = {The Love/Hate Relationship with the {C} Preprocessor: An Interview
               Study},
  booktitle = {29th European Conference on Object-Oriented Programming, {ECOOP} 2015,
               July 5-10, 2015, Prague, Czech Republic},
  pages     = {495--518},
  year      = {2015},
}

@inproceedings{abal2014variability,
 author = {Abal, Iago and Brabrand, Claus and W\k{a}sowski, Andrzej},
 title = {42 Variability Bugs in the Linux Kernel: A Qualitative Analysis},
 booktitle = {Proceedings of the 29th ACM/IEEE International Conference on Automated Software Engineering},
 series = {ASE '14},
 year = {2014},
 location = {Vasteras, Sweden},
 pages = {421--432},
 numpages = {12},
} 

@inproceedings{neves2011evolution,
 author = {Neves, La\'{\i}s and Teixeira, Leopoldo and Sena, Dem\'{o}stenes and Alves, Vander and Kulesza, Uir\'{a} and Borba, Paulo},
 title = {Investigating the Safe Evolution of Software Product Lines},
 booktitle = {Proceedings of the 10th ACM International Conference on Generative Programming and Component Engineering},
 series = {GPCE '11},
 year = {2011},
 location = {Portland, Oregon, USA},
 pages = {33--42},
 numpages = {10},
} 

@Article{passos2016coevolution,
author="Passos, Leonardo
and Teixeira, Leopoldo
and Dintzner, Nicolas
and Apel, Sven
and W{\k{a}}sowski, Andrzej
and Czarnecki, Krzysztof
and Borba, Paulo
and Guo, Jianmei",
title="Coevolution of variability models and related software artifacts",
journal="Empirical Software Engineering",
year="2016",
volume="21",
number="4",
pages="1744--1793",
}

@inproceedings{liebig2010preprocessor,
 author = {Liebig, J\"{o}rg and Apel, Sven and Lengauer, Christian and K\"{a}stner, Christian and Schulze, Michael},
 title = {An Analysis of the Variability in Forty Preprocessor-based Software Product Lines},
 booktitle = {Proceedings of the 32Nd ACM/IEEE International Conference on Software Engineering - Volume 1},
 series = {ICSE '10},
 year = {2010},
 pages = {105--114},
 numpages = {10},
} 

@inproceedings{gousios2014pullreq,
 author = {Gousios, Georgios and Pinzger, Martin and Deursen, Arie van},
 title = {An Exploratory Study of the Pull-based Software Development Model},
 booktitle = {Proceedings of the 36th International Conference on Software Engineering},
 series = {ICSE 2014},
 year = {2014},
 pages = {345--355},
 numpages = {11},
} 

@Article{hunsen2016,
author="Hunsen, Claus
and Zhang, Bo
and Siegmund, Janet
and K{\"a}stner, Christian
and Le{\ss}enich, Olaf
and Becker, Martin
and Apel, Sven",
title="Preprocessor-based variability in open-source and industrial software systems: An empirical study",
journal="Empirical Software Engineering",
year="2016",
volume="21",
number="2",
pages="449--482",
}

@article{buse2011,
 author = {Buse, Raymond P.L. and Sadowski, Caitlin and Weimer, Westley},
 title = {Benefits and Barriers of User Evaluation in Software Engineering Research},
 journal = {SIGPLAN Not.},
 issue_date = {October 2011},
 volume = {46},
 number = {10},
 month = oct,
 year = {2011},
 issn = {0362-1340},
 pages = {643--656},
 numpages = {14},
} 

@inproceedings{siegmund2015,
 author = {Siegmund, Janet and Siegmund, Norbert and Apel, Sven},
 title = {Views on Internal and External Validity in Empirical Software Engineering},
 booktitle = {Proceedings of the 37th International Conference on Software Engineering - Volume 1},
 series = {ICSE '15},
 year = {2015},
 isbn = {978-1-4799-1934-5},
 location = {Florence, Italy},
 pages = {9--19},
 numpages = {11},
} 

% TODO:
% TECH REPORT: http://maveric0.uwaterloo.ca/~migod/846/papers/roy-CloningSurveyTechReport.pdf
